@article{versuchsanleitung,
	title = {{Versuchsaufbau zur Messung von Oberflächenplasmonen}},
	year = {2015},
	author = {Hendrik Soppa}
}
@online{eskript,
	title = {{Physikalisches Praktikum - Elektronik}},
	year = {2009},
	url = {https://www3.physik.uni-stuttgart.de/studium/praktika/ep/pdf_dateien/Allgemeines/E-Skript_Kap1-11.pdf},
	author = {H.-J. Bauer {und} S. Döttinger {und} A. Grupp}
}
@online{OP177G,
	title = {{Data Sheet OP177}},
	url = {https://www.analog.com/media/en/technical-documentation/data-sheets/OP177.pdf},
	author = {One Technology Way}
}
@online{wiki,
   author = {Wikipedia},
   title = {{Segmentanzeige --- Wikipedia, Die freie Enzyklopädie}},
   year = {2018},
   url = {https://de.wikipedia.org/w/index.php?title=Segmentanzeige&oldid=183920430},
   note = {[Online; Stand 14. Januar 2019]}
 }
@online{OP27G,
	title = {{Data Sheet OP27}},
	url = {https://www.analog.com/media/en/technical-documentation/data-sheets/op27.pdf},
	author = {One Technology Way}
}
@online{74191,
	title = {{Datenblatt 74 191}},
	url = {http://www.ti.com/lit/ds/symlink/sn74ls191.pdf},
	author = {{Texas Instruments}}
}
@online{74107,
	title = {{Datenblatt 74 107}},
	url = {https://www.distrelec.de/Web/Downloads/_t/ds/sn74ls107a_eng_tds.pdf},
	author = {{Texas Instruments}}
}
